<record><leader>00000cas a22000007a 4500</leader><controlfield tag="001">23660781</controlfield><controlfield tag="008">910429d18941898nyucr ne      0    0eng d</controlfield><datafield ind1=" " ind2=" " tag="010"><subfield code="a">sn 91066094 </subfield></datafield><datafield ind1=" " ind2=" " tag="040"><subfield code="a">NYS</subfield><subfield code="b">eng</subfield><subfield code="c">NYS</subfield><subfield code="d">OCLCQ</subfield></datafield><datafield ind1=" " ind2=" " tag="042"><subfield code="a">msc</subfield></datafield><datafield ind1="0" ind2=" " tag="130"><subfield code="a">Post-express (Syracuse, N.Y.)</subfield></datafield><datafield ind1="1" ind2="4" tag="245"><subfield code="a">The post-express.</subfield></datafield><datafield ind1="1" ind2="7" tag="246"><subfield code="a">Weekly post-express</subfield></datafield><datafield ind1="1" ind2="7" tag="246"><subfield code="a">Semi-weekly post-express</subfield></datafield><datafield ind1=" " ind2=" " tag="260"><subfield code="a">Syracuse, N.Y. :</subfield><subfield code="b">[s.n.]</subfield></datafield><datafield ind1=" " ind2=" " tag="300"><subfield code="a">v.</subfield></datafield><datafield ind1=" " ind2=" " tag="310"><subfield code="a">Semiweekly,</subfield><subfield code="b">&lt;1898&gt;</subfield></datafield><datafield ind1=" " ind2=" " tag="321"><subfield code="a">Weekly,</subfield><subfield code="b">&lt;1894&gt;</subfield></datafield><datafield ind1="1" ind2=" " tag="362"><subfield code="a">Began in 1894? Ceased in 1898.</subfield></datafield><datafield ind1=" " ind2=" " tag="500"><subfield code="a">Published on Thursday, &lt;1894&gt;; and on Tuesday and Friday, &lt;1898&gt;.</subfield></datafield><datafield ind1=" " ind2=" " tag="580"><subfield code="a">Daily ed.: Syracuse post.</subfield></datafield><datafield ind1=" " ind2=" " tag="588"><subfield code="a">Description based on: New no. 1 (July 19, 1894).</subfield></datafield><datafield ind1=" " ind2=" " tag="588"><subfield code="a">Latest issue consulted: Dec. 30, 1898.</subfield></datafield><datafield ind1=" " ind2="4" tag="651"><subfield code="a">Syracuse (N.Y.)</subfield><subfield code="v">Newspapers.</subfield></datafield><datafield ind1=" " ind2=" " tag="752"><subfield code="a">United States</subfield><subfield code="b">New York</subfield><subfield code="c">Onondaga</subfield><subfield code="d">Syracuse.</subfield></datafield><datafield ind1="1" ind2=" " tag="775"><subfield code="t">Syracuse post</subfield><subfield code="w">(DLC)sn 86063492</subfield><subfield code="w">(OCoLC)13180889</subfield></datafield><datafield ind1="0" ind2="0" tag="780"><subfield code="t">Syracuse weekly express</subfield><subfield code="w">(DLC)sn 91066165</subfield><subfield code="w">(OCoLC)23116463</subfield></datafield><datafield ind1="0" ind2="7" tag="785"><subfield code="t">Syracuse semi-weekly standard</subfield><subfield code="w">(DLC)sn 91066097</subfield><subfield code="w">(OCoLC)23664891</subfield></datafield><datafield ind1="0" ind2="7" tag="785"><subfield code="t">Post-standard (Syracuse, N.Y. : Semiweekly)</subfield><subfield code="w">(DLC)sn 91066096</subfield><subfield code="w">(OCoLC)23660783</subfield></datafield><datafield ind1="1" ind2=" " tag="029"><subfield code="a">AU@</subfield><subfield code="b">000025902761</subfield></datafield></record>